@inproceedings{Tietjen2005,
  author = {Christian Tietjen and Tobias Isenberg and Bernhard Preim},
  title = {Combining Silhouettes, Surface, and Volume Rendering for Surgery Education and Planning},
  booktitle = {Proc. of the Joint Eurographics - IEEE TCVG Symposium on Visualization (EuroVis)},
  year = {2005},
  pages = {303--310},
  doi = {10.2312/VisSym/EuroVis05/303-310},
  masid = {2853523}
}
 
 @Article{COL2009a,
  key =		 {COL2009a},
  author =	 {Christopher Collins and Sheelagh Carpendale and
                  Gerald Penn},
  title =	 {DocuBurst: Visualizing Document Content Using
                  Language Structure},
  journal =	 {Computer Graphics Forum (Proc. of the Eurographics/IEEE-VGTC Symposium on Visualization (EuroVis))},
  year =	 2009,
  volume =	 28,
  number =	 3,
  pages =	 {1039--1046}
}
 
 @Book{WAR2004b,
  key =		 {WAR2004b},
  author =	 {Colin Ware},
  title =	 {Information Visualization: Perception for Design},
  publisher =	 {Morgan Kaufmann},
  year =	 2004,
  edition =	 {2$^{nd}$},
  read =	 {Y}
}
 
 
@Article{VIE2009a,
  key = {VIE2009a},
  author =	 {Fernanda B. Vi\'{e}gas and Martin Wattenberg and
                  Jonathan Feinberg},
  title =	 {Participatory Visualization with {Wordle}},
  journal =	{IEEE Trans. on Visualization and Computer Graphics (Proc. of the IEEE Conf. on Information Visualization)},
  month = {Nov./Dec.},
  volume = 15,
  number = 6,
  pages = {1137--1144},
  year =	 2009
}

@inproceedings{ROH2011a,
author={Christian Rohrdantz and Daniela Oelke and Milo\u{s} Krstaji\'{c} and Fabian Fischer},
title={Real-time visualization of streaming text data: tasks and challenges},
booktitle={Proc. of the IEEE Workshop on Interactive Visual Text Analytics for Decision Making},
series={VisWeek},
year={2011}
}


@inproceedings{Raskar2001,
  author = {Raskar, Ramesh},
  title = {Hardware support for non-photorealistic rendering},
  booktitle = {Proceedings of the ACM SIGGRAPH/EUROGRAPHICS workshop on Graphics hardware},
  year = {2001},
  isbn = {1-58113-407-X},
  location = {Los Angeles, California, United States},
  pages = {41--47},
  numpages = {7},
  url = {http://doi.acm.org/10.1145/383507.383525},
  doi = {http://doi.acm.org/10.1145/383507.383525},
  acmid = {383525},
  publisher = {ACM},
}


@book{Neumann2007a,
  author = {Petra Neumann and Tobias Isenberg and M. Sheelagh T. Carpendale},
  title = {NPR Lenses: Interactive Tools for Non-Photorealistic Line Drawings},
  booktitle = {Smart Graphics},
  year = {2007},
  pages = {10--22},
  doi = {10.1007/978-3-540-73214-3_2},
  masid = {2471862}
}


@article{Bertini2009,
  author = {Enrico Bertini and Maurizio Rigamonti and Denis Lalanne},
  title = {Extended Excentric Labeling},
  journal = {Computer Graphics Forum},
  volume = {28},
  number = {3},
  publisher = {Blackwell Publishing Ltd},
  issn = {1467-8659},
  url = {http://dx.doi.org/10.1111/j.1467-8659.2009.01456.x},
  doi = {10.1111/j.1467-8659.2009.01456.x},
  pages = {927--934},
  keywords = {Design Tools and Techniques [D.2.2]: User interfaces, User Interfaces [H.5.2]: Interaction styles},
  year = {2009},
}


@inproceedings{Viega1996,
  author = {Viega, John and Conway, Matthew J. and Williams, George and Pausch, Randy},
  title = {3D magic lenses},
  booktitle = {Proc. of the ACM Symp. on User Interfaces and Technology (UIST)},
  year = {1996},
  isbn = {0-89791-798-7},
  pages = {51--58},
  numpages = {8},
  url = {http://doi.acm.org/10.1145/237091.237098},
  doi = {http://doi.acm.org/10.1145/237091.237098},
  acmid = {237098},
  publisher = {ACM},
  keywords = {3D graphics, clipping planes, magic lenses, transparent user interfaces, virtual reality},
} 


@inproceedings{Coyne2001,
  author = {Coyne, Bob and Sproat, Richard},
  title = {WordsEye: An automatic text-to-scene conversion system},
  booktitle = {Proc. of the 28th Annual Conf. on Computer Graphics and Interactive Techniques, SIGGRAPH},
    year = {2001},
  isbn = {1-58113-374-X},
  pages = {487--496},
  numpages = {10},
  url = {http://doi.acm.org/10.1145/383259.383316},
  doi = {http://doi.acm.org/10.1145/383259.383316},
  acmid = {383316},
  publisher = {ACM},
  keywords = {HCI, applications, multimedia, scene generation, text-to-scene conversion},
} 


@InProceedings{Shneiderman1996,
  key =		 {SHN1996a},
  author =	 {Ben Shneiderman},
  title =	 {The eyes have it: A task by data type taxonomy for
                  information visualizations},
  booktitle =	 {Proc. of the IEEE Symp. on Visual Languages},
  pages =	 {336--343},
  year =	 1996,
  publisher =	 {IEEE Press},
keywords={advanced graphical user interface design;data type taxonomy;information visualizations;multi dimensional data;network data;visual information seeking;data visualisation;graphical user interfaces;visual programming;},
  doi={10.1109/VL.1996.545307}
}


@INPROCEEDINGS{Masuch1998,
  author={Masuch, M. and Strothotte, T.},
  booktitle={Proc. of the IEEE Conf. on Information Visualization},
  title={Visualising ancient architecture using animated line drawings},
  year={1998},
  month={jul},
  pages={261 -266},
  keywords={ancient architecture;animated line drawings;animation tool;computer-generated line drawings;data visualisation;frame-to-frame coherent line drawings;historic architecture;important object emphasis;medieval palace;nonphotorealistic animation;rendering tool;scene simplification;architecture;computer animation;data visualisation;history;rendering (computer graphics);},
  doi={10.1109/IV.1998.694230},
  ISSN={1093-9547},
}


@INPROCEEDINGS{Strothotte1999,
  author={Strothotte, T. and Masuch, M. and Isenberg, T.},
  booktitle={Proc. of Computer Graphics International},
  title={Visualizing knowledge about virtual reconstructions of ancient architecture},
  year={1999},
  pages={36 -43},
  keywords={3D model;AncientVis;ancient architecture;design decisions;geometric models;information representation;nonphotorealistic rendering styles;prototypical system;scientific visualization;uncertain model features;virtual reconstructions;architecture;data visualisation;engineering graphics;geometry;history;image reconstruction;rendering (computer graphics);},
  doi={10.1109/CGI.1999.777901}
}


@inproceedings{Sonnet2004,
  author = {Sonnet, Henry and Carpendale, Sheelagh and Strothotte, Thomas},
  title = {Integrating expanding annotations with a 3D explosion probe},
  booktitle = {Proceedings of the working conference on Advanced visual interfaces},
  series = {AVI '04},
  year = {2004},
  isbn = {1-58113-867-9},
  location = {Gallipoli, Italy},
  pages = {63--70},
  numpages = {8},
  url = {http://doi.acm.org/10.1145/989863.989871},
  doi = {http://doi.acm.org/10.1145/989863.989871},
  acmid = {989871},
  publisher = {ACM},
  keywords = {3D model exploration, expanding annotations, explosion diagram, interaction design},
} 

@InProceedings{BAR2007a,
  key = {BAR2007a},
  author = 	 {Lyn Bartram and Maureen Stone},
  title = 	 {Whisper, Don't Scream: Characterizing Subtle Grids},
  booktitle = 	 {Poster Proc. of IEEE Visualization},
  year =	 2007,
  publisher =	 {IEEE}
}

@ARTICLE{BAR2011a, 
author={Bartram, L. and Stone, M.C.}, 
journal={IEEE Trans. on Visualization and Computer Graphics}, 
title={Whisper, Don't Scream: Grids and Transparency}, 
year={2011}, 
month=oct, 
volume={17}, 
number={10}, 
pages={1444 -1458}, 
keywords={bounding alpha;computer-generated visualization;contour lines;grid color effect;grid element;image layering;image property;image transparency;line element;user preference;visual designers;data visualisation;image colour analysis;user interfaces;}, 
doi={10.1109/TVCG.2010.237}, 
ISSN={1077-2626}
}

@article{Hauser2005,
  author = {Hauser, Helwig},
  title = {Toward new grounds in visualization},
  journal = {SIGGRAPH Computer Graphics},
  volume = {39},
  issue = {2},
  month = {May},
  year = {2005},
  issn = {0097-8930},
  pages = {5--8},
  numpages = {4},
  url = {http://doi.acm.org/10.1145/1080376.1080382},
  doi = {http://doi.acm.org/10.1145/1080376.1080382},
  acmid = {1080382},
  publisher = {ACM},
}

@incollection{Hauser2006,
  author = {Hauser, Helwig},
  affiliation = {VRVis Research Center in Vienna Austria},
  title = {Generalizing Focus+Context Visualization},
  booktitle = {Scientific Visualization: The Visual Extraction of Knowledge from Data},
  series = {Mathematics and Visualization},
  editor = {Bonneau, Georges-Pierre and Ertl, Thomas and Nielson, Gregory},
  publisher = {Springer Berlin Heidelberg},
  isbn = {978-3-540-30790-7},
  keyword = {Mathematics and Statistics},
  pages = {305-327},
  url = {http://dx.doi.org/10.1007/3-540-30790-7_18},
  note = {10.1007/3-540-30790-7_18},
  year = {2006}
}

@inproceedings{Fekete1999,
  author = {Fekete, Jean-Daniel and Plaisant, Catherine},
  title = {Excentric labeling: Dynamic neighborhood labeling for data visualization},
  booktitle = {Proc. of the SIGCHI Conf. on Human Factors in Computing Systems (CHI)},
  year = {1999},
  isbn = {0-201-48559-1},
  location = {Pittsburgh, Pennsylvania, United States},
  pages = {512--519},
  numpages = {8},
  url = {http://doi.acm.org/10.1145/302979.303148},
  doi = {http://doi.acm.org/10.1145/302979.303148},
  acmid = {303148},
  publisher = {ACM},
  keywords = {dynamic labeling, evaluation, label, visualization},
}


@incollection{Elmqvist2007,
  author = {Elmqvist, Niklas and Assarsson, Ulf and Tsigas, Philippas},
  title = {Employing Dynamic Transparency for 3D Occlusion Management: Design Issues and Evaluation},
  booktitle = {Human-Computer Interaction - INTERACT 2007},
  series = {Lecture Notes in Computer Science},
  editor = {Baranauskas, C. and Palanque, Philippe and Abascal, Julio and Barbosa, Simone},
  publisher = {Springer Berlin / Heidelberg},
  isbn = {978-3-540-74794-9},
  keyword = {Computer Science},
  pages = {532-545},
  volume = {4662},
  url = {http://dx.doi.org/10.1007/978-3-540-74796-3_54},
  note = {10.1007/978-3-540-74796-3_54},
  year = {2007}
}


@inproceedings{Viola2004,
  author = {Viola, Ivan and Kanitsar, Armin and Groller, Meister Eduard},
  title = {Importance-Driven Volume Rendering},
  booktitle = {Proc. of the IEEE Conf. on Visualization},
  year = {2004},
  isbn = {0-7803-8788-0},
  pages = {139--146},
  numpages = {8},
  url = {http://dx.doi.org/10.1109/VISUAL.2004.48},
  doi = {10.1109/VISUAL.2004.48},
  acmid = {1034441},
  publisher = {IEEE Computer Society},
} 


@TECHREPORT{Bavoil2008,
   author = {Louis Bavoil and Kevin Myers},
   title = {Order independent transparency with dual depth peeling},
   institution = {NVIDIA},
   year = {2008}
}


@TechReport{Everitt2001,
  author = {Cass Everitt},
  title = {Interactive Order-Independent Transparency},
  institution={NVIDIA},
  year = {2001},
  masid = {60802}
}


@inproceedings{Weiskopf2004,
  author = {Helwig Hauser and Daniel Weiskopf and Kwan-Liu Ma and Jarke J. van Wijk and Robert Kosara},
  title = {{SciVis, InfoVis} - bridging the community divide?!},
  booktitle = {IEEE Visualization Conference Compendium},
  pages={52--55},
  year = {2006},
  masid = {4679634}
}


@inproceedings{Akerberg2003,
  author = {Ola \r{A}kerberg and Hans Svensson and Bastian Schulz and Pierre Nugues},
  title = {{CarSim}: An Automatic {3D} Text-to-Scene Conversion System Applied to Road Accident Reports},
  booktitle = {Conference of the European Chapter of the Association for Computational Linguistics},
  year = {2003},
  pages = {191--194},
  masid = {688582}
}


@article{Hertzmann1999,
  author = {Aaron Hertzmann},
  title = {Introduction to 3D Non-Photorealistic Rendering: Silhouettes and Outlines},
  year = {1999},
  booktitle = {Non-Photorealistic Rendering, SIGGRAPH Course Notes},
  masid = {2052891}
}

@inproceedings{Balabanian2010,
 author = {Balabanian, Jean-Paul and Viola, Ivan and Gr\"{o}ller, Eduard},
 title = {Interactive illustrative visualization of hierarchical volume data},
 booktitle = {Proc. of Graphics Interface},
 year = {2010},
 isbn = {978-1-56881-712-5},
  pages = {137--144},
 numpages = {8},
 url = {http://dl.acm.org/citation.cfm?id=1839214.1839239},
 acmid = {1839239},
 publisher = {Canadian Information Processing Society},
} 


@book{Sedlmair2009,
 author = {Michael Sedlmair and Kerstin Ruhland and Fabian Hennecke and Andreas Butz and Susan Bioletti and Carol O'Sullivan},
 title = {Towards the Big Picture: Enriching 3D Models with Information Visualisation and Vice Versa},
 booktitle = {Smart Graphics},
 year = {2009},
 pages = {27--39},
 doi = {10.1007/978-3-642-02115-2_3},
 masid = {4730411}
}


@inproceedings{Doleisch2003,
  author = {Helmut Doleisch and Martin Gasser and Helwig Hauser},
  title = {Interactive Feature Specification for Focus+Context Visualization of Complex Simulation Data},
  booktitle = {Proc. of the Joint Eurographics - IEEE TCVG Symposium on Visualization (EuroVis)},
  year = {2003},
  masid = {694247}
}


@inproceedings{Myers2007,
  author = {Kevin Myers and Louis Bavoil},
  title = {Stencil routed A-Buffer},
  booktitle = {Annual Conference on Computer Graphics},
  year = {2007},
  doi = {10.1145/1278780.1278806},
  masid = {39243074}
}

@inbook{Hermosilla2009, 
  title={Single Pass GPU Stylized Edges},
  url={http://hdl.handle.net/2117/10062}, 
  booktitle={Proceedings of IV Iberoamerican Symposium in Computer Graphics},
  publisher={DJ Editores, C.A.}, 
  author={Hermosilla, Pedro and V\'{a}zquez, Pere-Pau}, 
  year={2009}, pages={47--54}
}

@article{Chuang2009,
  author = {Johnson Chuang and Daniel Weiskopf and Torsten M\"{o}ller},
  title = {Hue-Preserving Color Blending},
  journal = {IEEE Trans. on Visualization and Computer Graphics},
  volume = {15},
  year = {2009},
  pages = {1275--1282},
  issue = {6},
  doi = {10.1109/TVCG.2009.150},
  masid = {5891440}
}

@article{Yang2010,
  author = {Jason C. Yang and Justin Hensley and Holger Gr\"{u}n and Nicolas Thibieroz},
  title = {Real-Time Concurrent Linked List Construction on the GPU},
  journal = {Computer Graphics Forum},
  volume = {29},
  year = {2010},
  pages = {1297--1304},
  issue = {4},
  doi = {10.1111/j.1467-8659.2010.01725.x},
  masid = {39312500}
}

@article{Willett2007,
  author = {Wesley Willett and Jeffrey Heer and Maneesh Agrawala},
  title = {{Scented Widgets}: Improving Navigation Cues with Embedded Visualizations},
  journal = {IEEE Trans. on Visualization and Computer Graphics},
  volume = {13},
  year = {2007},
  pages = {1129--1136},
  issue = {6},
  doi = {10.1109/TVCG.2007.70589},
  masid = {4417624}
}


@article{Shneiderman2003,
  author = {Ben Shneiderman},
  title = {Why Not Make Interfaces Better than {3D} Reality?},
  journal = {IEEE Computer Graphics and Applications},
  volume = {23},
  year = {2003},
  pages = {12--15},
  issue = {6},
  doi = {10.1109/MCG.2003.1242376},
  masid = {1220984}
}

@book{Gonzalez2002,
  author = {R. C. Gonzalez and R. E. Woods},
  title = {{Digital Image Processing}},
  year = {2002},
  masid = {2963302}
}

@Article{DOR2008a,
  key =		 {DOR2008a},
  author =	 {Marian D\"{o}rk and Sheelagh Carpendale and
                  Christopher Collins and Carey Williamson},
  title =	 {Vis{G}ets: Coordinated Visualizations for Web-based
                  Information Exploration and Discovery},
  journal =	{IEEE Trans. on Visualization and Computer Graphics (Proc. of the IEEE Conf. on Information Visualization)},
  year =	 2008,
  volume =	 14,
  number =	 6,
  pages =	 {1205--1213},
  month =	 {Nov./Dec.}
}

@inproceedings{Marneffe2006,
  author = {Marie-Catherine de Marneffe and Bill MacCartney and Christopher D. Manning},
  title = {Generating Typed Dependency Parses from Phrase Structure Parses},
  booktitle = {Language Resources and Evaluation},
  year = {2006},
  masid = {3142159}
}

@book{BER1983a,
  key =		 {BER1983a},
  author =	 {Jacques Bertin},
  title =	 {Semiology of Graphics: Diagrams, Networks, Maps},
  publisher =	 {University of Wisconsin Press},
  year =	 1983,
  isbn =	 0299090604,
  keywords =	 {design principles},
  READ =	 {Y},
  annote =	 {Currently out of print, this text contains the best
                  discussion of `visual variables' for clear
                  communication of printed information graphics.}
}

@Misc{WORDNET,
  key =		 {WORDNET},
  url =		 {http://www.cogsci.princeton.edu/cgi-bin/webwn},
  title =	 {Word{N}et: A Lexical Database for the {E}nglish
                  Language},
  author =	 {George A. Miller and Christiane Fellbaum and Randee
                  Tengi and Susanne Wolff and Pamela Wakefield and
                  Helen Langone and Benjamin Haskell},
  month =	 mar,
  year =	 2007,
  lastchecked =	 {31 March, 2007},
  READ =	 {N}
}

@inproceedings{Xu2007,
 author = {Xu, Jie and Kaplan, Craig S.},
 title = {Calligraphic packing},
 booktitle = {Proceedings of Graphics Interface 2007},
 series = {GI '07},
 year = {2007},
 isbn = {978-1-56881-337-0},
 location = {Montreal, Canada},
 pages = {43--50},
 numpages = {8},
 url = {http://doi.acm.org/10.1145/1268517.1268527},
 doi = {10.1145/1268517.1268527},
 acmid = {1268527},
 publisher = {ACM},
 address = {New York, NY, USA},
 keywords = {calligraphy, mosaics, non-photorealistic rendering, packing, tilings},
} 


@article{Bruckner2009,
 author = {Bruckner, Stefan and \v{S}olteszova, Veronika and Groller, Eduard and Hlad\r{u}vka, Ji\v{r}\'{\i} and Buhler, Katja and Yu, Jai Y. and Dickson, Barry J.},
 title = {BrainGazer - Visual Queries for Neurobiology Research},
 journal = {IEEE Transactions on Visualization and Computer Graphics},
 issue_date = {November 2009},
 volume = {15},
 number = {6},
 month = nov,
 year = {2009},
 issn = {1077-2626},
 pages = {1497--1504},
 numpages = {8},
 url = {http://dx.doi.org/10.1109/TVCG.2009.121},
 doi = {10.1109/TVCG.2009.121},
 acmid = {1639193},
 publisher = {IEEE Educational Activities Department},
 address = {Piscataway, NJ, USA},
 keywords = {biomedical visualization, biomedical visualization, neurobiology, visual queries, volume visualization, neurobiology, visual queries, volume visualization},
} 


@article{Ali2005,
  www = {http://wwwisg.cs.uni-magdeburg.de/~hartmann/Projects/labelling.html},
  number = {1},
  month = {jan/feb},
  author = {Kamran Ali and Knut Hartmann and Thomas Strothotte},
  url = {http://wscg.zcu.cz/wscg2005/Papers_2005/Journal/L07-full.pdf},
  localfile = {papers/Ali.2005.LLI.pdf},
  journal = {Journal of the WSCG},
  volume = {13},
  title = {{L}abel {L}ayout for {I}nteractive {3D} {I}llustrations},
  pages = {1--8},
  year = {2005},
}

@misc{Meshkin2007,
   month = {Mar},
   year = {2007}, 
   author = {Houman Meshkin},
   title  = {Sort-Independent Alpha Blending},
   howpublished = {Perpetual Entertainment, GDC Session},
}

@inproceedings{Gooch1998,
  author = {Gooch, Amy and Gooch, Bruce and Shirley, Peter and Cohen, Elaine},
  title = {A non-photorealistic lighting model for automatic technical illustration},
  booktitle = {Proceedings of the 25th annual conference on Computer graphics and interactive techniques},
  series = {SIGGRAPH '98},
  year = {1998},
  isbn = {0-89791-999-8},
  pages = {447--452},
  numpages = {6},
  url = {http://doi.acm.org/10.1145/280814.280950},
  doi = {http://doi.acm.org/10.1145/280814.280950},
  acmid = {280950},
  publisher = {ACM},
  address = {New York, NY, USA},
  keywords = {color, illustration, lighting models, non-photorealistic rendering, shading, silhouettes, tone},
} 

@INPROCEEDINGS{Brignull2003,
	AUTHOR = "Harry Brignull and Yvonne Rogers",
	TITLE = "Enticing People to Interact with Large Public Displays in Public Spaces",
	BOOKTITLE = "INTERACT'03",
	PAGES = {-1--1},
	YEAR = {2003}, 
}

@inproceedings{Hinrichs2011,
 author = {Hinrichs, Uta and Carpendale, Sheelagh},
 title = {Gestures in the wild: studying multi-touch gesture sequences on interactive tabletop exhibits},
 booktitle = {Proceedings of the 2011 annual conference on Human factors in computing systems},
 series = {CHI '11},
 year = {2011},
 isbn = {978-1-4503-0228-9},
 location = {Vancouver, BC, Canada},
 pages = {3023--3032},
 numpages = {10},
 url = {http://doi.acm.org/10.1145/1978942.1979391},
 doi = {10.1145/1978942.1979391},
 acmid = {1979391},
 publisher = {ACM},
 address = {New York, NY, USA},
 keywords = {direct-touch interaction, field study, multi-touch gestures, public displays, tabletop displays},
} 


@book{Wigdor2011,
    author = {Wigdor, Daniel and Wixon, Dennis},
    day = {27},
    edition = {1},
    howpublished = {Paperback},
    isbn = {0123822319},
    keywords = {multi-touch},
    month = apr,
    posted-at = {2011-06-24 11:37:42},
    priority = {0},
    publisher = {Morgan Kaufmann},
    title = {Brave {NUI} World: Designing Natural User Interfaces for Touch and Gesture},
    url = {http://www.amazon.com/exec/obidos/redirect?tag=citeulike07-20\&path=ASIN/0123822319},
    year = {2011}
}

@inproceedings{Sarkar1992,
 author = {Sarkar, Manojit and Brown, Marc H.},
 title = {Graphical fisheye views of graphs},
 booktitle = {Proceedings of the SIGCHI conference on Human factors in computing systems},
 series = {CHI '92},
 year = {1992},
 isbn = {0-89791-513-5},
 location = {Monterey, California, United States},
 pages = {83--91},
 numpages = {9},
 url = {http://doi.acm.org/10.1145/142750.142763},
 doi = {10.1145/142750.142763},
 acmid = {142763},
 publisher = {ACM},
 address = {New York, NY, USA},
 keywords = {fisheye views, information visualization},
} 

@inproceedings{Vogel2004,
 author = {Vogel, Daniel and Balakrishnan, Ravin},
 title = {Interactive public ambient displays: transitioning from implicit to explicit, public to personal, interaction with multiple users},
 booktitle = {Proceedings of the 17th annual ACM symposium on User interface software and technology},
 series = {UIST '04},
 year = {2004},
 isbn = {1-58113-957-8},
 location = {Santa Fe, NM, USA},
 pages = {137--146},
 numpages = {10},
 url = {http://doi.acm.org/10.1145/1029632.1029656},
 doi = {10.1145/1029632.1029656},
 acmid = {1029656},
 publisher = {ACM},
 address = {New York, NY, USA},
 keywords = {ambient displays, interactive public displays, subtle interaction, ubicomp},
} 


@inproceedings{Wobbrock2009,
 author = {Wobbrock, Jacob O. and Morris, Meredith Ringel and Wilson, Andrew D.},
 title = {User-defined gestures for surface computing},
 booktitle = {Proceedings of the 27th international conference on Human factors in computing systems},
 series = {CHI '09},
 year = {2009},
 isbn = {978-1-60558-246-7},
 location = {Boston, MA, USA},
 pages = {1083--1092},
 numpages = {10},
 url = {http://doi.acm.org/10.1145/1518701.1518866},
 doi = {10.1145/1518701.1518866},
 acmid = {1518866},
 publisher = {ACM},
 address = {New York, NY, USA},
 keywords = {gesture recognition, gestures, guessability, referents, signs, surface, tabletop, think-aloud},
} 

@article{Wattenberg2008,
 author = {Wattenberg, Martin and Vi{\'e}gas, Fernanda B.},
 title = {The Word Tree, an Interactive Visual Concordance},
 journal = {IEEE Transactions on Visualization and Computer Graphics},
 issue_date = {November 2008},
 volume = {14},
 number = {6},
 month = nov,
 year = {2008},
 issn = {1077-2626},
 pages = {1221--1228},
 numpages = {8},
 url = {http://dx.doi.org/10.1109/TVCG.2008.172},
 doi = {10.1109/TVCG.2008.172},
 acmid = {1477418},
 publisher = {IEEE Educational Activities Department},
 address = {Piscataway, NJ, USA},
 keywords = {Index Terms\&\#8212, Many Eyes, Text visualization, Text visualization, document visualization, Many Eyes, case study, concordance, information retrieval, search., case study, concordance, document visualization, information retrieval, search.},
} 